% -----------------------------------------------------------------------
% File: CogSci_Template.bib
% -----------------------------------------------------------------------

% Modified : Eli M. Silk (esilk at pitt.edu)            05/24/2005



% -----------------------------------------------------------------------
% Document End
% -----------------------------------------------------------------------

@article{mccarthy2004there,
  title={“There's millions of them”: hyperbole in everyday conversation},
  author={McCarthy, M. and Carter, R.},
  journal={Journal of pragmatics},
  volume={36},
  number={2},
  pages={149--184},
  year={2004},
  publisher={Elsevier}
}

@article{gibbs2000irony,
  title={Irony in talk among friends},
  author={Gibbs, R.W.},
  journal={Metaphor and symbol},
  volume={15},
  number={1-2},
  pages={5--27},
  year={2000},
  publisher={Taylor \& Francis}
}

@article{cano2003risk,
  title={At the Risk of Exaggerating: How Do Listeners React to Hyperbole?},
  author={Cano Mora, L.},
  journal={Anglogermanica online: Revista electr{\'o}nica peri{\'o}dica de filolog{\'\i}a alemana e inglesa},
  number={2},
  pages={2--13},
  year={2003}
}

@article{kotthoff2003responding,
  title={Responding to irony in different contexts: On cognition in conversation},
  author={Kotthoff, H.},
  journal={Journal of pragmatics},
  volume={35},
  number={9},
  pages={1387--1411},
  year={2003},
  publisher={Elsevier}
}

@article{kreuz2000production,
  title={The production and processing of verbal irony},
  author={Kreuz, R.J.},
  journal={Metaphor and Symbol},
  volume={15},
  number={1-2},
  pages={99--107},
  year={2000},
  publisher={Taylor \& Francis}
}

@article{kreuz1995two,
  title={Two cues for verbal irony: Hyperbole and the ironic tone of voice},
  author={Kreuz, R.J. and Roberts, R.M.},
  journal={Metaphor and symbol},
  volume={10},
  number={1},
  pages={21--31},
  year={1995},
  publisher={Taylor \& Francis}
}

@article{capelli1990children,
  title={How children understand sarcasm: The role of context and intonation},
  author={Capelli, C.A. and Nakagawa, N. and Madden, C.M.},
  journal={Child Development},
  volume={61},
  number={6},
  pages={1824--1841},
  year={1990},
  publisher={Wiley Online Library}
}

@inproceedings{kreuz2007lexical,
  title={Lexical influences on the perception of sarcasm},
  author={Kreuz, R.J. and Caucci, G.M.},
  booktitle={Proceedings of the Workshop on Computational Approaches to Figurative Language},
  pages={1--4},
  year={2007},
  organization={Association for Computational Linguistics}
}

@inproceedings{davidov2010semi,
  title={Semi-supervised recognition of sarcastic sentences in twitter and amazon},
  author={Davidov, D. and Tsur, O. and Rappoport, A.},
  booktitle={Proceedings of the Fourteenth Conference on Computational Natural Language Learning},
  pages={107--116},
  year={2010},
  organization={Association for Computational Linguistics}
}

@article{reyes2011mining,
  title={Mining subjective knowledge from customer reviews: a specific case of irony detection},
  author={Reyes, A. and Rosso, P.},
  journal={ACL HLT 2011},
  pages={118},
  year={2011},
  publisher={Citeseer}
}

@article{van2007algorithm,
  title={Algorithm Development in Computerized Detection of Sarcasm using Vocal Cues},
  author={van Kruijsdijk, R.},
  year={2007}
}

@book{moreno2007creativity,
  title={Creativity and convention: The pragmatics of everyday figurative speech},
  author={Moreno, R.E.V.},
  volume={156},
  year={2007},
  publisher={John Benjamins Publishing Co}
}

@inproceedings{bergen2012,
title = {That’s what she (could have) said: How alternative utterances affect language use},
author={Bergen, A. and Goodman, G.D. and Levy, R.},
year={2012},
booktitle={Proceedings of CogSci conference},
}


@inproceedings{stiller2011ad,
  title={Ad-hoc scalar implicature in adults and children},
  author={Stiller, A. and Goodman, N.D. and Frank, M.C.},
  booktitle={Proceedings of the 33rd Annual Meeting of the Cognitive Science Society},
  year={2011}
}

@article{bastiaanse2011rationality,
  title={The rationality of round interpretation},
  author={Bastiaanse, H.},
  journal={Vagueness in communication},
  pages={37--50},
  year={2011},
  publisher={Springer}
}

@article{krifka2007approximate,
  title={Approximate interpretation of number words: A case for strategic communication},
  author={Krifka, M.},
  journal={Cognitive foundations of interpretation},
  pages={111--126},
  year={2007}
}

@inproceedings{sauerland2007scalar,
  title={Scalar vs. epistemic vagueness: Evidence from approximators},
  author={Sauerland, U. and Stateva, P.},
  booktitle={Proceedings of SALT},
  volume={17},
  number={0},
  pages={228--245},
  year={2007}
}



